<record><leader>00000cas a22000007a 4500</leader><controlfield tag="001">24833838</controlfield><controlfield tag="008">911121d19301971iluwr ne      0    0eng d</controlfield><datafield ind1=" " ind2=" " tag="010"><subfield code="a">sn 91054746 </subfield></datafield><datafield ind1=" " ind2=" " tag="040"><subfield code="a">NVF</subfield><subfield code="b">eng</subfield><subfield code="c">NVF</subfield><subfield code="d">OCLCQ</subfield><subfield code="d">NVF</subfield><subfield code="d">OCLCQ</subfield></datafield><datafield ind1=" " ind2=" " tag="042"><subfield code="a">msc</subfield></datafield><datafield ind1=" " ind2=" " tag="043"><subfield code="a">n-us-il</subfield></datafield><datafield ind1="0" ind2=" " tag="130"><subfield code="a">Virginia gazette (Virginia, Ill. : 1930)</subfield></datafield><datafield ind1="1" ind2="4" tag="245"><subfield code="a">The Virginia gazette.</subfield></datafield><datafield ind1=" " ind2=" " tag="260"><subfield code="a">Virginia, Cass County, Ill. :</subfield><subfield code="b">Edwin McDonald,</subfield><subfield code="c">1930-1971.</subfield></datafield><datafield ind1=" " ind2=" " tag="300"><subfield code="a">v.</subfield></datafield><datafield ind1=" " ind2=" " tag="310"><subfield code="a">Weekly</subfield></datafield><datafield ind1="0" ind2=" " tag="362"><subfield code="a">Vol. 57, no. 8 (Jan. 3, 1930)-99th year, no. 30 (Jan. 14, 1971).</subfield></datafield><datafield ind1=" " ind2=" " tag="580"><subfield code="a">Merged with: Chandlerville times, to form: Virginia gazette-times.</subfield></datafield><datafield ind1=" " ind2="4" tag="651"><subfield code="a">Virginia (Ill.)</subfield><subfield code="v">Newspapers.</subfield></datafield><datafield ind1=" " ind2=" " tag="752"><subfield code="a">United States</subfield><subfield code="b">Illinois</subfield><subfield code="c">Cass</subfield><subfield code="d">Virginia.</subfield></datafield><datafield ind1="0" ind2="0" tag="780"><subfield code="t">Enterprise-gazette</subfield><subfield code="w">(DLC)sn 91054745</subfield><subfield code="w">(OCoLC)24833779</subfield></datafield><datafield ind1="1" ind2="7" tag="785"><subfield code="t">Chandlerville times</subfield><subfield code="w">(DLC)sn 91054755</subfield><subfield code="w">(OCoLC)24833941</subfield></datafield><datafield ind1="1" ind2="7" tag="785"><subfield code="t">Virginia gazette-times</subfield><subfield code="w">(DLC)sn 91054748</subfield><subfield code="w">(OCoLC)24833990</subfield></datafield><datafield ind1="1" ind2=" " tag="029"><subfield code="a">AU@</subfield><subfield code="b">000025875257</subfield></datafield></record>